@article{KillaleaTom-2016,
author = {Killalea, Tom},
title = {The Hidden Dividends of Microservices: Microservices Aren’t for Every Company, and the Journey Isn’t Easy.},
year = {2016},
issue_date = {May-June 2016},
publisher = {Association for Computing Machinery},
address = {New York, NY, USA},
volume = {14},
number = {3},
issn = {1542-7730},
url = {https://doi.org/10.1145/2956641.2956643},
doi = {10.1145/2956641.2956643},
journal = {Queue},
month = {may},
pages = {25–34},
numpages = {10}
}

@INPROCEEDINGS{Opara-Martins-2014,
  author={Opara-Martins, Justice and Sahandi, Reza and Tian, Feng},
  booktitle={International Conference on Information Society (i-Society 2014)}, 
  title={Critical review of vendor lock-in and its impact on adoption of cloud computing}, 
  year={2014},
  volume={},
  number={},
  pages={92-97},
  doi={10.1109/i-Society.2014.7009018}
}

@misc{Roberts_Mike_2018, 
title={Serverless Architectures by Mike Roberts}, 
url={https://martinfowler.com/articles/serverless.html}, 
journal={Serverless Architectures}, 
year={2018}, 
month={May} 
}

 @misc{Wiki_function_as_a_service,  
title={Wikipedia : Function as a service},  
url={https://en.wikipedia.org/w/index.php?title=Function_as_a_service&oldid=1166791869},  
journal={Function as a service}, 
year={2023},  
month={Sep} 
}

@misc{GMI_3796_2022, 
title={Global Market Insights Inc. Report ID: GMI3796}, url={https://www.gminsights.com/industry-analysis/serverless-architecture-market}, journal={Global Market Insights Inc.(Report ID: GMI3796)}, publisher={Global Market Insight}, year={2022}, month={Dec}} 

@article{lin2019mitigating,
  title={Mitigating cold starts in serverless platforms: A pool-based ap-proach},
  author={Lin, Ping-Min and Glikson, Alex},
  journal={arXiv preprint arXiv:1903.12221},
  year={2019}
}

@book{Sutter_Sampath_2020, 
place={Beijing}, 
title={Knative Cookbook: Building effective serverless applications with Kubernetes and OpenShift},
publisher={O’Reilly Media}, 
author={Sutter, Burr and Sampath, Kamesh}, 
year={2020}} 

@book{ANDERSON_2024, place={S.l.},
title={Building serverless applications on Knative: A Guide to designing and writing serverless cloud... applications},
publisher={O’REILLY MEDIA}, 
author={ANDERSON, EVAN},
year={2024}} 

@misc{Understanding_serverless_cold_start_2018, 
title={Understanding serverless cold start},  
url={https://azure.microsoft.com/en-us/blog/understanding-serverless-cold-start},  
year={2018},  
month={Feb} }

@misc{cncf_to_host_cloudevents_in_the_sandbox_2023, 
title={CNCF to host CloudEvents in the Sandbox, by Kristin Evans},  
url={https://www.cncf.io/blog/2018/05/22/cloudevents-in-the-sandbox/},  
journal={CNCF to host CloudEvents in the Sandbox},  
year={2023},  
month={May} }

@article{Quille2019,
author = {Quille, Keith and Bergin, Susan},
doi = {10.1080/08993408.2019.1612679},
file = {:C$\backslash$:/Users/keith/OneDrive/Mendelay/Quille, Bergin, Quille - 2019 - CS1 how will they do How can we help A decade of research and practice research and practice.pdf:pdf},
issn = {0899-3408},
journal = {Computer Science Education},
mendeley-groups = {Keith Quille Publications},
number = {2-3},
pages = {254--282},
publisher = {Routledge},
title = {{CS1 : how will they do ? How can we help ? A decade of research and practice research and practice}},
url = {https://doi.org/10.1080/08993408.2019.1612679},
volume = {29},
year = {2019}
}


@inproceedings{Quille:Gender,
	author 			= {Quille, Keith and Culligan, Natalie and Bergin, Susan},
	title 			= {Insights on Gender Differences in CS1: A Multi-institutional, Multi-variate Study.},
	booktitle 		= {Proceedings of the 2017 ACM Conference on Innovation and Technology in Computer Science Education},
	series 			= {ITiCSE '17},
	year 			= {2017},
	isbn 			= {978-1-4503-4704-4},
	location 		= {Bologna, Italy},
	pages 			= {263--268},
	numpages 		= {6},
	url 			= {http://doi.acm.org/10.1145/3059009.3059048},
	doi 			= {10.1145/3059009.3059048},
	acmid 			= {3059048},
	publisher 		= {ACM},
	address 		= {New York, NY, USA},
	keywords 		= {computer science education, cs1., female, gender, programming, programming self-efficacy},
}

@inproceedings{Towards_Serverless_as_Commodity,
author = {Kaviani, Nima and Kalinin, Dmitriy and Maximilien, Michael},
year = {2019},
month = {10},
pages = {},
title = {Towards Serverless as Commodity: a case of Knative},
isbn = {978-1-4503-7038-7},
doi = {10.1145/3366623.3368135}
}
@misc{Morie_2020, title={Autoscaler knative backstage with the - Red Hat Developer}, url={https://developers.redhat.com/sites/default/files/2020-09/DevNation%20Day%20-%20Knative%20Backstage%20w_%20Autoscaler.pdf}, journal={DevNation Day - Knative Backstage Autoscaler}, publisher={Red Hat Developer}, author={Morie, Paul}, year={2020}, month={Nov}} 

@INPROCEEDINGS{8605773,
  author={Jackson, David and Clynch, Gary},
  booktitle={2018 IEEE/ACM International Conference on Utility and Cloud Computing Companion (UCC Companion)}, 
  title={An Investigation of the Impact of Language Runtime on the Performance and Cost of Serverless Functions}, 
  year={2018},
  volume={},
  number={},
  pages={154-160},
  doi={10.1109/UCC-Companion.2018.00050}}

@misc{Nolle_2020, 
title={An overview of knative use cases, benefits and challenges: TechTarget}, 
url={https://www.techtarget.com/searchitoperations/tip/An-overview-of-Knative-use-cases-benefits-and-challenges}, 
journal={IT Operations}, 
publisher={TechTarget}, 
author={Nolle, Tom}, 
year={2020}, 
month={Jul}} 

@inproceedings{vahidinia2020cold,
  title={Cold start in serverless computing: Current trends and mitigation strategies},
  author={Vahidinia, Parichehr and Farahani, Bahar and Aliee, Fereidoon Shams},
  booktitle={2020 International Conference on Omni-layer Intelligent Systems (COINS)},
  pages={1--7},
  year={2020},
  organization={IEEE}
}

@misc{Schweigert_Hadas_2022, 
url={https://developer.ibm.com/articles/reducing-cold-start-times-in-knative/}, 
journal={Reducing cold start times in Knative, Red Hat OpenShift Serverless, and IBM Cloud Code Engine},
publisher={IBM developer}, 
author={Schweigert, Paul and Hadas, David}, 
year={2022}, 
month={Sep}
} 

@misc{Cachai_Gailey_2022, 
title={Concurrency in azure functions}, url={https://learn.microsoft.com/en-gb/azure/azure-functions/functions-concurrency#dynamic-concurrency-preview}, journal={Microsoft Learn}, 
author={Cachai and Gailey, Glenn}, 
year={2022}, 
month={nov},
language={en-us} }